<record><leader>00000cas a2200000 a 4500</leader><controlfield tag="001">49828869</controlfield><controlfield tag="008">020520d19981999iluwr ne      0   a0eng c</controlfield><datafield ind1=" " ind2=" " tag="010"><subfield code="a">sn2002061116</subfield></datafield><datafield ind1=" " ind2=" " tag="040"><subfield code="a">NVF</subfield><subfield code="b">eng</subfield><subfield code="c">NVF</subfield><subfield code="d">NVF</subfield><subfield code="d">OCLCQ</subfield><subfield code="d">OCLCF</subfield><subfield code="d">OCLCO</subfield><subfield code="d">NVF</subfield></datafield><datafield ind1=" " ind2=" " tag="042"><subfield code="a">pcc</subfield></datafield><datafield ind1=" " ind2=" " tag="043"><subfield code="a">n-us-il</subfield></datafield><datafield ind1="0" ind2=" " tag="130"><subfield code="a">Parks journal (Loves Park, Ill.)</subfield></datafield><datafield ind1="1" ind2="0" tag="245"><subfield code="a">Parks journal.</subfield></datafield><datafield ind1=" " ind2=" " tag="260"><subfield code="a">Loves Park, Ill. :</subfield><subfield code="b">Rock Valley Community Press,</subfield><subfield code="c">1998-1999.</subfield></datafield><datafield ind1=" " ind2=" " tag="300"><subfield code="a">v.</subfield></datafield><datafield ind1=" " ind2=" " tag="310"><subfield code="a">Weekly</subfield></datafield><datafield ind1="0" ind2=" " tag="362"><subfield code="a">Vol. 32, no. 17 (Apr. 22, 1998)-v. 33, no. 10 (Mar. 10, 1999).</subfield></datafield><datafield ind1=" " ind2=" " tag="500"><subfield code="a">Publishers: Bill Brennan &lt;1998-&gt;</subfield></datafield><datafield ind1="4" ind2=" " tag="521"><subfield code="a">Serves: Loves Park and Machesney Park, Apr. 22, 1998-June 3, 1998; Serves: Loves Park, Machesney Park and Rockford, June 10, 1998-Mar. 10, 1999.</subfield></datafield><datafield ind1=" " ind2="0" tag="651"><subfield code="a">Loves Park (Ill.)</subfield><subfield code="v">Newspapers.</subfield></datafield><datafield ind1=" " ind2="0" tag="651"><subfield code="a">Rockford (Ill.)</subfield><subfield code="v">Newspapers.</subfield></datafield><datafield ind1=" " ind2="0" tag="651"><subfield code="a">Machesney Park (Ill.)</subfield><subfield code="v">Newspapers.</subfield></datafield><datafield ind1=" " ind2="7" tag="651"><subfield code="a">Illinois</subfield><subfield code="z">Loves Park.</subfield><subfield code="2">fast</subfield><subfield code="0">(OCoLC)fst01226545</subfield></datafield><datafield ind1=" " ind2="7" tag="651"><subfield code="a">Illinois</subfield><subfield code="z">Machesney Park.</subfield><subfield code="2">fast</subfield><subfield code="0">(OCoLC)fst01258468</subfield></datafield><datafield ind1=" " ind2="7" tag="651"><subfield code="a">Illinois</subfield><subfield code="z">Rockford.</subfield><subfield code="2">fast</subfield><subfield code="0">(OCoLC)fst01208839</subfield></datafield><datafield ind1=" " ind2="7" tag="655"><subfield code="a">Newspapers.</subfield><subfield code="2">fast</subfield><subfield code="0">(OCoLC)fst01423814</subfield></datafield><datafield ind1=" " ind2=" " tag="752"><subfield code="a">United States</subfield><subfield code="b">Illinois</subfield><subfield code="c">Winnebago</subfield><subfield code="d">Loves Park.</subfield></datafield><datafield ind1="0" ind2="0" tag="780"><subfield code="t">Journal (Rockford, Ill.)</subfield><subfield code="w">(DLC)sn2002061115</subfield><subfield code="w">(OCoLC)49828803</subfield></datafield><datafield ind1="0" ind2="0" tag="785"><subfield code="t">Post-journal (Loves Park, Ill.)</subfield><subfield code="w">(DLC)sn2005060807</subfield><subfield code="w">(OCoLC)44871601</subfield></datafield><datafield ind1="1" ind2=" " tag="029"><subfield code="a">AU@</subfield><subfield code="b">000023602968</subfield></datafield></record>